<?xml version="1.0" encoding="UTF-8"?><collection xmlns="http://www.loc.gov/MARC21/slim"><record><leader>00417nam--2200169-i-4500</leader><controlfield tag="001">000030037</controlfield><controlfield tag="002">20161230</controlfield><controlfield tag="005">20161230201038</controlfield><controlfield tag="008">060222s1000------------r-----000-0-eng-d</controlfield><datafield ind1=" " ind2=" " tag="040"><subfield code="a">IFIN-HH</subfield></datafield><datafield ind1=" " ind2=" " tag="080"><subfield code="a">53</subfield></datafield><datafield ind1="1" ind2=" " tag="100"><subfield code="a">Lucas, David</subfield></datafield><datafield ind1="1" ind2="0" tag="245"><subfield code="a">Study notes on `a` level physics</subfield><subfield code="c">Davis lucas</subfield></datafield><datafield ind1=" " ind2=" " tag="260"><subfield code="a">London</subfield><subfield code="b">Edward Arnold</subfield><subfield code="c">1970</subfield></datafield><datafield ind1=" " ind2=" " tag="300"><subfield code="a">XI + 172P</subfield></datafield><datafield ind1=" " ind2=" " tag="852"><subfield code="a">33110</subfield><subfield code="c">53</subfield></datafield><datafield ind1=" " ind2=" " tag="CAT"><subfield code="a">Sys</subfield><subfield code="c">20150223</subfield><subfield code="h">124935</subfield></datafield></record></collection>